@article{bezanson2017julia,
  title={{Julia: A fresh approach to numerical computing}},
  author={Bezanson, J. and Edelman, A. and Karpinski, S. and Shah, V. B.},
  journal={SIAM review},
  volume={59},
  number={1},
  pages={65--98},
  year={2017},
  doi={10.1137/141000671},
  publisher={SIAM}
}

@inproceedings{bellmann2009,
	author =	{T. Bellmann},
	title =	{{Interactive Simulations and advanced Visualization with Modelica}},
	booktitle =	{Proc. of the 7th International Modelica Conference},
	editor =	{Francesco Casella},
	publisher = {LiU Electronic Press},
	year =	{2009},
	month = {Sept.},
	doi = {10.3384/ecp09430056},
	url = {http://www.ep.liu.se/ecp/043/062/ecp09430056.pdf}
}


@inproceedings{hellerer2014,
	author =	{M. Hellerer and T. Bellmann and F. Schlegel},
	title =	{{The DLR Visualization Library - Recent development and applications}},
	booktitle =	{Proc. of the 10th International Modelica Conference},
	editor =	{Hubertus Tummescheit and Karl-Erik Arzen},
	publisher = {LiU Electronic Press},
	year =	{2014},
	month = {March},
	doi = {10.3384/ECP14096899},
	url = {http://www.ep.liu.se/ecp/096/094/ecp14096094.pdf}
}



@inproceedings{Modia1,
	author =	{H. Elmqvist and T. Henningsson and M. Otter},
	title =	{{Systems Modeling and Programming in a Unified Environment based on Julia}},
	booktitle =	{Proc. of ISoLA Conference},
	publisher = {Springer},
	doi = { 10.1007/978-3-319-47169-3_15},
	year =	{2016},
	doi = {10.1007/978-3-319-47169-3_15},
	month = {Oct.}
}

@inproceedings{Modia2,
	author =	{H. Elmqvist and T. Henningsson and M. Otter},
	title =	{{Innovations for Future Modelica}},
	booktitle =	{Proc. of the 12th International Modelica Conference},
	editor =	{J. Kofranek and F. Casella},
	publisher = {LiU Electronic Press},
	year =	{2017},
	month = {May},
	doi = {10.3384/ecp17132693},
	url = {http://www.ep.liu.se/ecp/132/076/ecp17132693.pdf},
}


@inproceedings{Neumayr2017,
	author = {Neumayr, A. and Otter, M.},
	title = {{Collision Handling with Variable-step Integrators}},
	booktitle = {Proceedings of the 8th International Workshop on Equation-Based Object-Oriented Modeling Languages and Tools},
	series = {EOOLT'17},
	year = {2017},
	pages = {9--18},
	numpages = {10},
	publisher = {ACM},
	doi = {10.1145/3158191.3158193},
	url = {https://modiasim.github.io/Modia3D.jl/resources/documentation/CollisionHandling_Neumayr_Otter_2017.pdf},
}

@inproceedings{Neumayr2018,
	author = {Neumayr, A. and Otter, M.},
	title = {{Component-Based 3D Modeling of Dynamic Systems}},
	booktitle = {Proceedings of the American Modelica Conference},
	editor =	{M. Tiller and H. Tummescheit and L. Vanfretti},
	year = {2018},
	month = {Oct.},
	doi = {10.3384/ECP18154175},
	url = {https://elib.dlr.de/124126/1/2018_Modelica_Modia3D.pdf},
}

@inproceedings{Neumayr2019,
	author = {Neumayr, A. and Otter, M.},
	title = {{Algorithms for Component-Based 3D Modeling}},
	booktitle = {Proceedings of the 13th International Modelica Conference},
	publisher = {LiU Electronic Press},
	year = {2019},
	doi = {10.3384/ecp19157383},
	month = {March},
}

@article{Flores2011,
	title={{On the continuous contact force models for soft materials in multibody dynamics}},
	author={Flores, P. and Machado, M. and Silva, M. and Martins, J.},
	journal={Multibody system dynamics},
	volume={25},
	number={3},
	pages={357--375},
	year={2011},
	doi={10.1007/s11044-010-9237-4},
	publisher={Springer}
}

@article{Skinjar2018,
	title={{A review of continuous contact-force models in multibody dynamics}},
	author={Skrinjar, L. and Slavi{\v{c}}, J. and Bolte{\v{z}}ar, M.},
	journal={International Journal of Mechanical Sciences},
	volume={145},
	pages={171--187},
	year={2018},
	doi={10.1016/j.ijmecsci.2018.07.010},
	publisher={Elsevier}
}

@inproceedings{Otter2005,
	title={{Collision Handling for the Modelica MultiBody Library}},
	author={Otter, M. and Elmqvist, H. and L{\'o}pez, J. D.},
	booktitle={Proceedings of the 4th International Modelica Conference},
	year={2005}
}



@article{GJK1988,
	author = {E.G. Gilbert and D.W. Johnson and S.S. Keerthi},
	title = {{A Fast Procedure for Computing the Distance Between Complex Objects in Three-Dimensional Space}},
	journal = {IEEE Journal of Robotics and Automation},
	volume = {4},
	number = {2},
	pages = {193-203},
	year = {1988},
	doi = {10.1109/56.2083},
	URL = {https://graphics.stanford.edu/courses/cs448b-00-winter/papers/gilbert.pdf},
}


@book{bergen2003,
	author = {G.v.d. Bergen},
	title = {{Collision Detection in Interactive 3D Environments}},
	year = {2003},
	publisher = {Morgan Kaufmann Publishers},
}


@inproceedings{snethen2008,
	author =	{G. Snethen},
	title =	{{Xenocollide: Complex collision made simple}},
	booktitle =	{Game Programming Gems 7},
	editor =	{Scott Jacobs},
	publisher = {Charles River Media},
	year =	{2008},
	pages = {165-178},
}

@techreport{kenwright2015,
	TITLE = {{Generic Convex Collision Detection using Support Mapping}},
	AUTHOR = {B. Kenwright},
	URL = {https://www.semanticscholar.org/paper/Generic-Convex-Collision-Detection-using-Support-Kenwright/4f0f2d95375db7cfdbfaa345847418789d8cb970},
	YEAR = {2015},
}

@BOOK{Nystrom2014,
	AUTHOR =    {R. Nystrom},
	TITLE =     {{Game Programming Patterns}} ,
	PUBLISHER = {Genever Benning},
	YEAR =      2014,
	URL = {http://gameprogrammingpatterns.com/},
}


@article{Sundials2005,
  author =	{A.C. Hindmarsh and P.N. Brown and K.E. Grant
		 and S.L. Lee and R. Serban and D.E. Shumaker
		 and C.S. Woodward},
  title =	{{SUNDIALS: Suite of Nonlinear and Differential/Algebraic
		 Equation Solvers}},
  journal =	{ACM Transactions on Mathematical Software},
  year =	2005,
  volume =	31,
  number =	3,
  pages =	{363--396},
  doi = {10.1145/1089014.1089020},
  month =	sep,
  review =	{20100928},
}


@article{Rackauckas2017,
	author =	{C. Rackauckas and Q. Nie},
	title =	{{DifferentialEquations.jl â€“ A Performant and Feature-Rich Ecosystem for Solving Differential Equations in Julia}},
    journal =	{Journal of Open Research Software},
    volume={5},
    number={1},
	publisher = {Ubiquity Press},
	doi = {10.5334/jors.151},
	year =	{2017},
}


@inproceedings{Erez2015,
	author =	{T. Erez and Y. Tassa and E. Todorov},
	title =	{{Simulation Tools for Model-Based Robotics: Comparison of Bullet, Havok, MuJoCo, ODE and PhysX}},
	booktitle =	{Proc. of IEEE International Conference on Robotics and Automation (ICRA)},
	publisher = {IEEE},
   doi = {10.1109/ICRA.2015.7139807},
	year =	{2015},
}


@inproceedings{Elmqvist2015,
	author =	{H. Elmqvist and A. Goteman and V. Roxling and T. Ghandriz},
	title =	{{Generic Modelica Framework for MultiBody Contacts and Discrete Element Method}},
	booktitle =	{Proc. of the 11th International Modelica Conference},
	editor =	{Peter Fritzson and Hilding Elmqvist},
	publisher = {LiU Electronic Press},
	year =	{2015},
	month = {Sept.},
    doi = {10.3384/ecp15118427},
	url = {http://www.ep.liu.se/ecp/article.asp?issue=118&article=46}
}
